@article{fontelles2009,
  author  = {Mauro José Fontelles and Marilda Garcia Simões and Samantha Hasegawa Farias and Renata Garcia Simões Fontelles},
  title   = {Metodologia da Pesquisa Científica: Diretrizes para a Elaboração de um Protocolo de Pesquisa},
  journal = {Revista Paraense de Medicina},
  year    = {2009},
  volume  = {23},
  number  = {3},
  pages   = {1--6},
  url     = {https://docs.bvsalud.org/upload/S/0101-5907/2009/v23n3/a1967.pdf},
  note    = {Acessado em: 1 fev. 2025}
}

@online{organogramaUnB2017,
  author  = {{Universidade de Brasília}},
  title   = {Organograma da Universidade de Brasília},
  year    = {2017},
  url     = {http://www.cca.unb.br/images/Arquivos_site/Organograma_UnB2017_Atualizado_dia_20180329_-_Alterao_CAPRO.pdf},
  note    = {Atualizado em: 29 mar. 2018. Acesso em: 12 jun. 2025}
}

@misc{rouse2018chatbot,
  author       = {Rouse, Margaret},
  title        = {What is chatbot?},
  year         = {2018},
  howpublished = {\url{http://searchcrm.techtarget.com/definition/chatbot}},
  note         = {Acesso em: 12 jun. 2025}
}

@misc{aws2025chatbot,
  author       = {{Amazon Web Services}},
  title        = {O que é um chatbot?},
  year         = {2025},
  howpublished = {\url{https://aws.amazon.com/pt/what-is/chatbot/}},
  note         = {Acesso em: 12 jun. 2025}
}

@misc{oracle2025chatbot,
  author       = {{Oracle}},
  title        = {O que é um chatbot?},
  year         = {2025},
  howpublished = {\url{https://www.oracle.com/br/chatbots/what-is-a-chatbot/}},
  note         = {Acesso em: 12 jun. 2025}
}

@inproceedings{dykeland2018unleashing,
  author    = {Dykeland, M. and others},
  title     = {Unleashing the Potential of Chatbots in Education: A State-Of-The-Art Analysis},
  booktitle = {Academy of Management Proceedings},
  year      = {2018},
  volume    = {2018},
  number    = {1},
  pages     = {15903},
  doi       = {10.5465/AMBPP.2018.15903abstract},
  publisher = {Academy of Management}
}

@inproceedings{hien2018fitebot,
  author       = {HIEN, H. T. and CUONG, P.-N. and NAM, L. N. H. and NHUNG, H. L. T. K. and THANG, L. D.},
  title        = {Intelligent assistants in higher-education environments: the FIT-EBot, a chatbot for administrative and learning support},
  booktitle    = {Anais do Ninth International Symposium on Information and Communication Technology (SoICT)},
  year         = {2018},
  pages        = {69--76},
  publisher    = {ACM},
  address      = {New York},
  doi          = {10.1145/3287921.3287937},
  note         = {Disponível em: \url{https://doi.org/10.1145/3287921.3287937}. Acesso em: 16 jun. 2025}
}