@manual{inmetro2003,
	Author = {INMETRO},
	Title = {Vocabulário internacional de termos fundamentais e gerais de
	metrologia},
	Year = {2013},
	Address = {Rio de Janeiro, Brasil},
	Pages = {75},
	isbn = {85-87090-90-9},
}

@inproceedings{soviero1997,
	Author = {P. A. O. Soviero and L. G. M. Lavagna},
	Title = {A Numerical Model for Thin Airfoils in Unsteady Motion},
	Year = {1997},
	Pages = {332-340},
	Volume = {19},
	Number = {3},
	Booktitle = {Journal of the Brazilian Societyt Mechanical Sciences},	
}

@inproceedings{sparrow1980,
	Author = {E. M. Sparrow},
	Title = {Forced Convection Heat Transfer in a Duct Having Spanwise-Periodic
	Rectangular Protuberances},
	Year = {1980},
	Pages = {149-167},
	Volume = {3},
	Booktitle = {Numerical Heat Transfer},
}

@article{clark1986,
	Author = {J. A. Clark},
	Title = {Private Communication},
	Year = {1986},
	Address = {University of Michigan},
}

@article{arruda2007,
	Author = {M. B. B. Arruda},
	Title = {Como fazer referências: bibliográficas, eletrônicas e demais
	formas de documentos},
	Year = {2007},
	Url = {http://bu.ufsc.br/framerefer.html}
}

@article{coimbra1978,
	Author = {A. L. Coimbra},
	Title = {Lessons of Continuum Mechanics},
	Year = {1978},
	Address = {São Paulo, Brazil},
	Pages = {428},
	Editor = {Edgard Blücher},
}

@inproceedings{bordalo1989,
	Author = {S. N. Bordalo and J. H. Ferziger and S. J. Kline},
	Title = {The Development of Zonal Models for Turbulence},
	Year = {1989},
	Pages = {41-44},
	Booktitle = {Proceedings of the 10th Brazilian Congress of Mechanical
	Engineering}, 
	Volume = {1},	
}

@manual{NBR14724:2011,
	Address = {Rio de Janeiro},
	Date-Added = {2012-12-15 20:34:08 +0000},
	Date-Modified = {2012-12-15 20:35:25 +0000},
	Month = mar,
	Org-Short = {ABNT},
	Organization = {Associa{\c c}\~ao Brasileira de Normas T\'ecnicas},
	Pages = 15,
	Subtitle = {Informa{\c c}\~ao e documenta{\c c}\~ao --- trabalhos acad\^emicos --- apresenta{\c c}\~ao},
	Title = {{NBR} 14724},
	Year = 2011
}

@manual{NBR6034:2000,
	Address = {Rio de Janeiro},
	Org-Short = {ABNT},
	Organization = {Associa{\c c}\~ao Brasileira de Normas T\'ecnicas},
	Subtitle = {Informa{\c c}\~ao e documenta{\c c}\~ao --- Referências},
	Title = {{NBR} 14724},
	Year = 2000
}

@book{Sommerville2007,
author = {Sommerville, Ian},
title = {Software Engineering},
year = {2007},
isbn = {978-0-321-31379-9, 0-321-31379-8},
edition = {9th},
publisher = {Addison-Wesley Publishing Company},
address = {USA},
}


% -------------------------------------------------------

@article{fontelles2009,
  author  = {Mauro José Fontelles and Marilda Garcia Simões and Samantha Hasegawa Farias and Renata Garcia Simões Fontelles},
  title   = {Metodologia da Pesquisa Científica: Diretrizes para a Elaboração de um Protocolo de Pesquisa},
  journal = {Revista Paraense de Medicina},
  year    = {2009},
  volume  = {23},
  number  = {3},
  pages   = {1--6},
  url     = {https://docs.bvsalud.org/upload/S/0101-5907/2009/v23n3/a1967.pdf},
  note    = {Acessado em: 1 fev. 2025}
}

@online{organogramaUnB2017,
  author  = {{Universidade de Brasília}},
  title   = {Organograma da Universidade de Brasília},
  year    = {2017},
  url     = {http://www.cca.unb.br/images/Arquivos_site/Organograma_UnB2017_Atualizado_dia_20180329_-_Alterao_CAPRO.pdf},
  note    = {Atualizado em: 29 mar. 2018. Acesso em: 12 jun. 2025}
}

@misc{rouse2018chatbot,
  author       = {Rouse, Margaret},
  title        = {What is chatbot?},
  year         = {2018},
  howpublished = {\url{http://searchcrm.techtarget.com/definition/chatbot}},
  note         = {Acesso em: 12 jun. 2025}
}

@misc{aws2025chatbot,
  author       = {{Amazon Web Services}},
  title        = {O que é um chatbot?},
  year         = {2025},
  howpublished = {\url{https://aws.amazon.com/pt/what-is/chatbot/}},
  note         = {Acesso em: 12 jun. 2025}
}

@misc{oracle2025chatbot,
  author       = {{Oracle}},
  title        = {O que é um chatbot?},
  year         = {2025},
  howpublished = {\url{https://www.oracle.com/br/chatbots/what-is-a-chatbot/}},
  note         = {Acesso em: 12 jun. 2025}
}

@inproceedings{dykeland2018unleashing,
  author    = {Dykeland, M. and others},
  title     = {Unleashing the Potential of Chatbots in Education: A State-Of-The-Art Analysis},
  booktitle = {Academy of Management Proceedings},
  year      = {2018},
  volume    = {2018},
  number    = {1},
  pages     = {15903},
  doi       = {10.5465/AMBPP.2018.15903abstract},
  publisher = {Academy of Management}
}

@inproceedings{hien2018fitebot,
  author       = {HIEN, H. T. and CUONG, P.-N. and NAM, L. N. H. and NHUNG, H. L. T. K. and THANG, L. D.},
  title        = {Intelligent assistants in higher-education environments: the FIT-EBot, a chatbot for administrative and learning support},
  booktitle    = {Anais do Ninth International Symposium on Information and Communication Technology (SoICT)},
  year         = {2018},
  pages        = {69--76},
  publisher    = {ACM},
  address      = {New York},
  doi          = {10.1145/3287921.3287937},
  note         = {Disponível em: \url{https://doi.org/10.1145/3287921.3287937}. Acesso em: 16 jun. 2025}
}